<?xml version="1.0" encoding="UTF-8"?><record xmlns="http://www.loc.gov/MARC21/slim" xmlns:cinclude="http://apache.org/cocoon/include/1.0" xmlns:zs="http://www.loc.gov/zing/srw/">
  <leader>00337nz  a2200121n  4500</leader>
  <controlfield tag="001">nr2002036434</controlfield>
  <controlfield tag="003">DLC</controlfield>
  <controlfield tag="005">20021004033137.0</controlfield>
  <controlfield tag="008">021001n| acannaabn          |n aaa     c</controlfield>
  <datafield tag="010" ind1=" " ind2=" ">
    <subfield code="a">nr2002036434</subfield>
  </datafield>
  <datafield tag="040" ind1=" " ind2=" ">
    <subfield code="a">CSt</subfield>
    <subfield code="b">eng</subfield>
    <subfield code="c">CSt</subfield>
  </datafield>
  <datafield tag="100" ind1="1" ind2=" ">
    <subfield code="a">Pupeliene, Janina</subfield>
  </datafield>
  <datafield tag="670" ind1=" " ind2=" ">
    <subfield code="a">Management changes in academic libraries, 2001:</subfield>
    <subfield code="b">t.p. verso (Janina Pupeliene)</subfield>
  </datafield>
</record>